%YAML 1.1
%TAG !u! tag:unity3d.com,2011:
--- !u!29 &1
OcclusionCullingSettings:
  m_ObjectHideFlags: 0
  serializedVersion: 2
  m_OcclusionBakeSettings:
    smallestOccluder: 5
    smallestHole: 0.25
    backfaceThreshold: 100
  m_SceneGUID: 00000000000000000000000000000000
  m_OcclusionCullingData: {fileID: 0}
--- !u!104 &2
RenderSettings:
  m_ObjectHideFlags: 0
  serializedVersion: 9
  m_Fog: 0
  m_FogColor: {r: 0.5, g: 0.5, b: 0.5, a: 1}
  m_FogMode: 3
  m_FogDensity: 0.01
  m_LinearFogStart: 0
  m_LinearFogEnd: 300
  m_AmbientSkyColor: {r: 0.212, g: 0.227, b: 0.259, a: 1}
  m_AmbientEquatorColor: {r: 0.114, g: 0.125, b: 0.133, a: 1}
  m_AmbientGroundColor: {r: 0.047, g: 0.043, b: 0.035, a: 1}
  m_AmbientIntensity: 1
  m_AmbientMode: 3
  m_SubtractiveShadowColor: {r: 0.42, g: 0.478, b: 0.627, a: 1}
  m_SkyboxMaterial: {fileID: 0}
  m_HaloStrength: 0.5
  m_FlareStrength: 1
  m_FlareFadeSpeed: 3
  m_HaloTexture: {fileID: 0}
  m_SpotCookie: {fileID: 10001, guid: 0000000000000000e000000000000000, type: 0}
  m_DefaultReflectionMode: 0
  m_DefaultReflectionResolution: 128
  m_ReflectionBounces: 1
  m_ReflectionIntensity: 1
  m_CustomReflection: {fileID: 0}
  m_Sun: {fileID: 0}
  m_IndirectSpecularColor: {r: 0, g: 0, b: 0, a: 1}
  m_UseRadianceAmbientProbe: 0
--- !u!157 &3
LightmapSettings:
  m_ObjectHideFlags: 0
  serializedVersion: 11
  m_GIWorkflowMode: 1
  m_GISettings:
    serializedVersion: 2
    m_BounceScale: 1
    m_IndirectOutputScale: 1
    m_AlbedoBoost: 1
    m_EnvironmentLightingMode: 0
    m_EnableBakedLightmaps: 0
    m_EnableRealtimeLightmaps: 0
  m_LightmapEditorSettings:
    serializedVersion: 12
    m_Resolution: 2
    m_BakeResolution: 40
    m_AtlasSize: 1024
    m_AO: 0
    m_AOMaxDistance: 1
    m_CompAOExponent: 1
    m_CompAOExponentDirect: 0
    m_ExtractAmbientOcclusion: 0
    m_Padding: 2
    m_LightmapParameters: {fileID: 0}
    m_LightmapsBakeMode: 1
    m_TextureCompression: 1
    m_FinalGather: 0
    m_FinalGatherFiltering: 1
    m_FinalGatherRayCount: 256
    m_ReflectionCompression: 2
    m_MixedBakeMode: 2
    m_BakeBackend: 0
    m_PVRSampling: 1
    m_PVRDirectSampleCount: 32
    m_PVRSampleCount: 500
    m_PVRBounces: 2
    m_PVREnvironmentSampleCount: 500
    m_PVREnvironmentReferencePointCount: 2048
    m_PVRFilteringMode: 2
    m_PVRDenoiserTypeDirect: 0
    m_PVRDenoiserTypeIndirect: 0
    m_PVRDenoiserTypeAO: 0
    m_PVRFilterTypeDirect: 0
    m_PVRFilterTypeIndirect: 0
    m_PVRFilterTypeAO: 0
    m_PVREnvironmentMIS: 0
    m_PVRCulling: 1
    m_PVRFilteringGaussRadiusDirect: 1
    m_PVRFilteringGaussRadiusIndirect: 5
    m_PVRFilteringGaussRadiusAO: 2
    m_PVRFilteringAtrousPositionSigmaDirect: 0.5
    m_PVRFilteringAtrousPositionSigmaIndirect: 2
    m_PVRFilteringAtrousPositionSigmaAO: 1
    m_ExportTrainingData: 0
    m_TrainingDataDestination: TrainingData
  m_LightingDataAsset: {fileID: 0}
  m_UseShadowmask: 1
--- !u!196 &4
NavMeshSettings:
  serializedVersion: 2
  m_ObjectHideFlags: 0
  m_BuildSettings:
    serializedVersion: 2
    agentTypeID: 0
    agentRadius: 0.5
    agentHeight: 2
    agentSlope: 45
    agentClimb: 0.4
    ledgeDropHeight: 0
    maxJumpAcrossDistance: 0
    minRegionArea: 2
    manualCellSize: 0
    cellSize: 0.16666667
    manualTileSize: 0
    tileSize: 256
    accuratePlacement: 0
    debug:
      m_Flags: 0
  m_NavMeshData: {fileID: 0}
--- !u!1001 &50865024
PrefabInstance:
  m_ObjectHideFlags: 0
  serializedVersion: 2
  m_Modification:
    m_TransformParent: {fileID: 0}
    m_Modifications:
    - target: {fileID: 4819826350502012, guid: 80d4e99299f6a4a469629e9cbdaab0ae, type: 3}
      propertyPath: m_LocalPosition.x
      value: -0.49348837
      objectReference: {fileID: 0}
    - target: {fileID: 4819826350502012, guid: 80d4e99299f6a4a469629e9cbdaab0ae, type: 3}
      propertyPath: m_LocalPosition.y
      value: -2.460427
      objectReference: {fileID: 0}
    - target: {fileID: 4819826350502012, guid: 80d4e99299f6a4a469629e9cbdaab0ae, type: 3}
      propertyPath: m_LocalPosition.z
      value: 0
      objectReference: {fileID: 0}
    - target: {fileID: 4819826350502012, guid: 80d4e99299f6a4a469629e9cbdaab0ae, type: 3}
      propertyPath: m_LocalRotation.x
      value: 0
      objectReference: {fileID: 0}
    - target: {fileID: 4819826350502012, guid: 80d4e99299f6a4a469629e9cbdaab0ae, type: 3}
      propertyPath: m_LocalRotation.y
      value: 0
      objectReference: {fileID: 0}
    - target: {fileID: 4819826350502012, guid: 80d4e99299f6a4a469629e9cbdaab0ae, type: 3}
      propertyPath: m_LocalRotation.z
      value: 0
      objectReference: {fileID: 0}
    - target: {fileID: 4819826350502012, guid: 80d4e99299f6a4a469629e9cbdaab0ae, type: 3}
      propertyPath: m_LocalRotation.w
      value: 1
      objectReference: {fileID: 0}
    - target: {fileID: 4819826350502012, guid: 80d4e99299f6a4a469629e9cbdaab0ae, type: 3}
      propertyPath: m_RootOrder
      value: 5
      objectReference: {fileID: 0}
    - target: {fileID: 212243476848737682, guid: 80d4e99299f6a4a469629e9cbdaab0ae,
        type: 3}
      propertyPath: m_SortingLayerID
      value: -50117545
      objectReference: {fileID: 0}
    - target: {fileID: 212243476848737682, guid: 80d4e99299f6a4a469629e9cbdaab0ae,
        type: 3}
      propertyPath: m_SortingLayer
      value: 2
      objectReference: {fileID: 0}
    - target: {fileID: 212243476848737682, guid: 80d4e99299f6a4a469629e9cbdaab0ae,
        type: 3}
      propertyPath: m_SortingOrder
      value: 4
      objectReference: {fileID: 0}
    - target: {fileID: 114295753883264816, guid: 80d4e99299f6a4a469629e9cbdaab0ae,
        type: 3}
      propertyPath: moveSpeed
      value: 3
      objectReference: {fileID: 0}
    m_RemovedComponents: []
  m_SourcePrefab: {fileID: 100100000, guid: 80d4e99299f6a4a469629e9cbdaab0ae, type: 3}
--- !u!1001 &278215648
PrefabInstance:
  m_ObjectHideFlags: 0
  serializedVersion: 2
  m_Modification:
    m_TransformParent: {fileID: 513900497}
    m_Modifications:
    - target: {fileID: 1954769980832824, guid: 9b1bcea03148480479d458b0773c7d80, type: 3}
      propertyPath: m_Layer
      value: 9
      objectReference: {fileID: 0}
    - target: {fileID: 4845529329797994, guid: 9b1bcea03148480479d458b0773c7d80, type: 3}
      propertyPath: m_LocalPosition.x
      value: 5.79
      objectReference: {fileID: 0}
    - target: {fileID: 4845529329797994, guid: 9b1bcea03148480479d458b0773c7d80, type: 3}
      propertyPath: m_LocalPosition.y
      value: -4.25
      objectReference: {fileID: 0}
    - target: {fileID: 4845529329797994, guid: 9b1bcea03148480479d458b0773c7d80, type: 3}
      propertyPath: m_LocalPosition.z
      value: 0
      objectReference: {fileID: 0}
    - target: {fileID: 4845529329797994, guid: 9b1bcea03148480479d458b0773c7d80, type: 3}
      propertyPath: m_LocalRotation.x
      value: -0
      objectReference: {fileID: 0}
    - target: {fileID: 4845529329797994, guid: 9b1bcea03148480479d458b0773c7d80, type: 3}
      propertyPath: m_LocalRotation.y
      value: -0
      objectReference: {fileID: 0}
    - target: {fileID: 4845529329797994, guid: 9b1bcea03148480479d458b0773c7d80, type: 3}
      propertyPath: m_LocalRotation.z
      value: -0
      objectReference: {fileID: 0}
    - target: {fileID: 4845529329797994, guid: 9b1bcea03148480479d458b0773c7d80, type: 3}
      propertyPath: m_LocalRotation.w
      value: 1
      objectReference: {fileID: 0}
    - target: {fileID: 4845529329797994, guid: 9b1bcea03148480479d458b0773c7d80, type: 3}
      propertyPath: m_RootOrder
      value: 4
      objectReference: {fileID: 0}
    - target: {fileID: 212446368408475708, guid: 9b1bcea03148480479d458b0773c7d80,
        type: 3}
      propertyPath: m_SortingLayerID
      value: -50117545
      objectReference: {fileID: 0}
    - target: {fileID: 212446368408475708, guid: 9b1bcea03148480479d458b0773c7d80,
        type: 3}
      propertyPath: m_SortingLayer
      value: 2
      objectReference: {fileID: 0}
    m_RemovedComponents: []
  m_SourcePrefab: {fileID: 100100000, guid: 9b1bcea03148480479d458b0773c7d80, type: 3}
--- !u!1 &352490356
GameObject:
  m_ObjectHideFlags: 0
  m_CorrespondingSourceObject: {fileID: 0}
  m_PrefabInstance: {fileID: 0}
  m_PrefabAsset: {fileID: 0}
  serializedVersion: 6
  m_Component:
  - component: {fileID: 352490357}
  - component: {fileID: 352490358}
  m_Layer: 0
  m_Name: toUndersea
  m_TagString: Untagged
  m_Icon: {fileID: 0}
  m_NavMeshLayer: 0
  m_StaticEditorFlags: 0
  m_IsActive: 1
--- !u!4 &352490357
Transform:
  m_ObjectHideFlags: 0
  m_CorrespondingSourceObject: {fileID: 0}
  m_PrefabInstance: {fileID: 0}
  m_PrefabAsset: {fileID: 0}
  m_GameObject: {fileID: 352490356}
  m_LocalRotation: {x: 0, y: 0, z: 0, w: 1}
  m_LocalPosition: {x: -6.8, y: -4.18, z: 0}
  m_LocalScale: {x: 1, y: 1, z: 1}
  m_Children: []
  m_Father: {fileID: 513900497}
  m_RootOrder: 8
  m_LocalEulerAnglesHint: {x: 0, y: 0, z: 0}
--- !u!61 &352490358
BoxCollider2D:
  m_ObjectHideFlags: 0
  m_CorrespondingSourceObject: {fileID: 0}
  m_PrefabInstance: {fileID: 0}
  m_PrefabAsset: {fileID: 0}
  m_GameObject: {fileID: 352490356}
  m_Enabled: 1
  m_Density: 1
  m_Material: {fileID: 0}
  m_IsTrigger: 1
  m_UsedByEffector: 0
  m_UsedByComposite: 0
  m_Offset: {x: 0, y: 3.6835632}
  m_SpriteTilingProperty:
    border: {x: 0, y: 0, z: 0, w: 0}
    pivot: {x: 0, y: 0}
    oldSize: {x: 0, y: 0}
    newSize: {x: 0, y: 0}
    adaptiveTilingThreshold: 0
    drawMode: 0
    adaptiveTiling: 0
  m_AutoTiling: 0
  serializedVersion: 2
  m_Size: {x: 1, y: 8.367126}
  m_EdgeRadius: 0
--- !u!1 &513900495
GameObject:
  m_ObjectHideFlags: 0
  m_CorrespondingSourceObject: {fileID: 0}
  m_PrefabInstance: {fileID: 0}
  m_PrefabAsset: {fileID: 0}
  serializedVersion: 6
  m_Component:
  - component: {fileID: 513900497}
  - component: {fileID: 513900496}
  - component: {fileID: 513900498}
  m_Layer: 8
  m_Name: coral
  m_TagString: Untagged
  m_Icon: {fileID: 0}
  m_NavMeshLayer: 0
  m_StaticEditorFlags: 0
  m_IsActive: 1
--- !u!212 &513900496
SpriteRenderer:
  m_ObjectHideFlags: 0
  m_CorrespondingSourceObject: {fileID: 0}
  m_PrefabInstance: {fileID: 0}
  m_PrefabAsset: {fileID: 0}
  m_GameObject: {fileID: 513900495}
  m_Enabled: 1
  m_CastShadows: 0
  m_ReceiveShadows: 0
  m_DynamicOccludee: 1
  m_MotionVectors: 1
  m_LightProbeUsage: 1
  m_ReflectionProbeUsage: 1
  m_RenderingLayerMask: 1
  m_RendererPriority: 0
  m_Materials:
  - {fileID: 10754, guid: 0000000000000000f000000000000000, type: 0}
  m_StaticBatchInfo:
    firstSubMesh: 0
    subMeshCount: 0
  m_StaticBatchRoot: {fileID: 0}
  m_ProbeAnchor: {fileID: 0}
  m_LightProbeVolumeOverride: {fileID: 0}
  m_ScaleInLightmap: 1
  m_ReceiveGI: 1
  m_PreserveUVs: 0
  m_IgnoreNormalsForChartDetection: 0
  m_ImportantGI: 0
  m_StitchLightmapSeams: 0
  m_SelectedEditorRenderState: 0
  m_MinimumChartSize: 4
  m_AutoUVMaxDistance: 0.5
  m_AutoUVMaxAngle: 89
  m_LightmapParameters: {fileID: 0}
  m_SortingLayerID: -1114750357
  m_SortingLayer: 0
  m_SortingOrder: 0
  m_Sprite: {fileID: 21300000, guid: 159ab73f8f9708646a4cc0398fdc4f6e, type: 3}
  m_Color: {r: 1, g: 1, b: 1, a: 1}
  m_FlipX: 0
  m_FlipY: 0
  m_DrawMode: 0
  m_Size: {x: 9.09, y: 6.12}
  m_AdaptiveModeThreshold: 0.5
  m_SpriteTileMode: 0
  m_WasSpriteAssigned: 1
  m_MaskInteraction: 0
  m_SpriteSortPoint: 0
--- !u!4 &513900497
Transform:
  m_ObjectHideFlags: 0
  m_CorrespondingSourceObject: {fileID: 0}
  m_PrefabInstance: {fileID: 0}
  m_PrefabAsset: {fileID: 0}
  m_GameObject: {fileID: 513900495}
  m_LocalRotation: {x: 0, y: 0, z: 0, w: 1}
  m_LocalPosition: {x: -0.1, y: 0.01, z: 0}
  m_LocalScale: {x: 1, y: 1, z: 1}
  m_Children:
  - {fileID: 1467769921}
  - {fileID: 1971505208}
  - {fileID: 1709156775}
  - {fileID: 905099610}
  - {fileID: 1316143754}
  - {fileID: 718733764}
  - {fileID: 2004952046}
  - {fileID: 996706460}
  - {fileID: 352490357}
  - {fileID: 694594788}
  - {fileID: 1850426078}
  - {fileID: 1056739138}
  m_Father: {fileID: 0}
  m_RootOrder: 1
  m_LocalEulerAnglesHint: {x: 0, y: 0, z: 0}
--- !u!68 &513900498
EdgeCollider2D:
  m_ObjectHideFlags: 0
  m_CorrespondingSourceObject: {fileID: 0}
  m_PrefabInstance: {fileID: 0}
  m_PrefabAsset: {fileID: 0}
  m_GameObject: {fileID: 513900495}
  m_Enabled: 1
  m_Density: 1
  m_Material: {fileID: 0}
  m_IsTrigger: 0
  m_UsedByEffector: 0
  m_UsedByComposite: 0
  m_Offset: {x: 0, y: 0}
  m_EdgeRadius: 0
  m_Points:
  - {x: -7.3792543, y: -4.71567}
  - {x: -7.324742, y: 4.7462997}
  - {x: 7.299202, y: 4.765065}
  - {x: 7.2761393, y: -4.7817225}
  - {x: -7.408372, y: -4.8046446}
--- !u!1 &563923338
GameObject:
  m_ObjectHideFlags: 0
  m_CorrespondingSourceObject: {fileID: 0}
  m_PrefabInstance: {fileID: 0}
  m_PrefabAsset: {fileID: 0}
  serializedVersion: 6
  m_Component:
  - component: {fileID: 563923343}
  - component: {fileID: 563923342}
  - component: {fileID: 563923340}
  - component: {fileID: 563923339}
  m_Layer: 0
  m_Name: Main Camera
  m_TagString: MainCamera
  m_Icon: {fileID: 0}
  m_NavMeshLayer: 0
  m_StaticEditorFlags: 0
  m_IsActive: 1
--- !u!81 &563923339
AudioListener:
  m_ObjectHideFlags: 0
  m_CorrespondingSourceObject: {fileID: 0}
  m_PrefabInstance: {fileID: 0}
  m_PrefabAsset: {fileID: 0}
  m_GameObject: {fileID: 563923338}
  m_Enabled: 1
--- !u!124 &563923340
Behaviour:
  m_ObjectHideFlags: 0
  m_CorrespondingSourceObject: {fileID: 0}
  m_PrefabInstance: {fileID: 0}
  m_PrefabAsset: {fileID: 0}
  m_GameObject: {fileID: 563923338}
  m_Enabled: 1
--- !u!20 &563923342
Camera:
  m_ObjectHideFlags: 0
  m_CorrespondingSourceObject: {fileID: 0}
  m_PrefabInstance: {fileID: 0}
  m_PrefabAsset: {fileID: 0}
  m_GameObject: {fileID: 563923338}
  m_Enabled: 1
  serializedVersion: 2
  m_ClearFlags: 1
  m_BackGroundColor: {r: 0.19215687, g: 0.3019608, b: 0.4745098, a: 0}
  m_projectionMatrixMode: 1
  m_GateFitMode: 2
  m_FOVAxisMode: 0
  m_SensorSize: {x: 36, y: 24}
  m_LensShift: {x: 0, y: 0}
  m_FocalLength: 50
  m_NormalizedViewPortRect:
    serializedVersion: 2
    x: 0
    y: 0
    width: 1
    height: 1
  near clip plane: 0.3
  far clip plane: 1000
  field of view: 60
  orthographic: 1
  orthographic size: 4.8
  m_Depth: -1
  m_CullingMask:
    serializedVersion: 2
    m_Bits: 4294967295
  m_RenderingPath: -1
  m_TargetTexture: {fileID: 0}
  m_TargetDisplay: 0
  m_TargetEye: 3
  m_HDR: 1
  m_AllowMSAA: 1
  m_AllowDynamicResolution: 0
  m_ForceIntoRT: 0
  m_OcclusionCulling: 1
  m_StereoConvergence: 10
  m_StereoSeparation: 0.022
--- !u!4 &563923343
Transform:
  m_ObjectHideFlags: 0
  m_CorrespondingSourceObject: {fileID: 0}
  m_PrefabInstance: {fileID: 0}
  m_PrefabAsset: {fileID: 0}
  m_GameObject: {fileID: 563923338}
  m_LocalRotation: {x: -0, y: -0, z: -0, w: 1}
  m_LocalPosition: {x: 0, y: 0, z: -10}
  m_LocalScale: {x: 1, y: 1, z: 1}
  m_Children: []
  m_Father: {fileID: 0}
  m_RootOrder: 0
  m_LocalEulerAnglesHint: {x: 0, y: 0, z: 0}
--- !u!1001 &606863192
PrefabInstance:
  m_ObjectHideFlags: 0
  serializedVersion: 2
  m_Modification:
    m_TransformParent: {fileID: 513900497}
    m_Modifications:
    - target: {fileID: 1191204591110802, guid: aa72d1b92b2212c4f9ea0b6a8eb41a57, type: 3}
      propertyPath: m_Layer
      value: 9
      objectReference: {fileID: 0}
    - target: {fileID: 4080153419466150, guid: aa72d1b92b2212c4f9ea0b6a8eb41a57, type: 3}
      propertyPath: m_LocalPosition.x
      value: -0.1460301
      objectReference: {fileID: 0}
    - target: {fileID: 4080153419466150, guid: aa72d1b92b2212c4f9ea0b6a8eb41a57, type: 3}
      propertyPath: m_LocalPosition.y
      value: 2.182408
      objectReference: {fileID: 0}
    - target: {fileID: 4080153419466150, guid: aa72d1b92b2212c4f9ea0b6a8eb41a57, type: 3}
      propertyPath: m_LocalPosition.z
      value: 0
      objectReference: {fileID: 0}
    - target: {fileID: 4080153419466150, guid: aa72d1b92b2212c4f9ea0b6a8eb41a57, type: 3}
      propertyPath: m_LocalRotation.x
      value: -0
      objectReference: {fileID: 0}
    - target: {fileID: 4080153419466150, guid: aa72d1b92b2212c4f9ea0b6a8eb41a57, type: 3}
      propertyPath: m_LocalRotation.y
      value: -0
      objectReference: {fileID: 0}
    - target: {fileID: 4080153419466150, guid: aa72d1b92b2212c4f9ea0b6a8eb41a57, type: 3}
      propertyPath: m_LocalRotation.z
      value: -0
      objectReference: {fileID: 0}
    - target: {fileID: 4080153419466150, guid: aa72d1b92b2212c4f9ea0b6a8eb41a57, type: 3}
      propertyPath: m_LocalRotation.w
      value: 1
      objectReference: {fileID: 0}
    - target: {fileID: 4080153419466150, guid: aa72d1b92b2212c4f9ea0b6a8eb41a57, type: 3}
      propertyPath: m_RootOrder
      value: 9
      objectReference: {fileID: 0}
    - target: {fileID: 212739928921067112, guid: aa72d1b92b2212c4f9ea0b6a8eb41a57,
        type: 3}
      propertyPath: m_SortingLayerID
      value: -50117545
      objectReference: {fileID: 0}
    - target: {fileID: 212739928921067112, guid: aa72d1b92b2212c4f9ea0b6a8eb41a57,
        type: 3}
      propertyPath: m_SortingLayer
      value: 2
      objectReference: {fileID: 0}
    m_RemovedComponents: []
  m_SourcePrefab: {fileID: 100100000, guid: aa72d1b92b2212c4f9ea0b6a8eb41a57, type: 3}
--- !u!1001 &680463622
PrefabInstance:
  m_ObjectHideFlags: 0
  serializedVersion: 2
  m_Modification:
    m_TransformParent: {fileID: 513900497}
    m_Modifications:
    - target: {fileID: 1776644629116876, guid: e0b7bd8557bdea24e8509f20f0c9b9c7, type: 3}
      propertyPath: m_Layer
      value: 9
      objectReference: {fileID: 0}
    - target: {fileID: 4045453662149290, guid: e0b7bd8557bdea24e8509f20f0c9b9c7, type: 3}
      propertyPath: m_LocalPosition.x
      value: 3.5123603
      objectReference: {fileID: 0}
    - target: {fileID: 4045453662149290, guid: e0b7bd8557bdea24e8509f20f0c9b9c7, type: 3}
      propertyPath: m_LocalPosition.y
      value: 0.3733819
      objectReference: {fileID: 0}
    - target: {fileID: 4045453662149290, guid: e0b7bd8557bdea24e8509f20f0c9b9c7, type: 3}
      propertyPath: m_LocalPosition.z
      value: 0
      objectReference: {fileID: 0}
    - target: {fileID: 4045453662149290, guid: e0b7bd8557bdea24e8509f20f0c9b9c7, type: 3}
      propertyPath: m_LocalRotation.x
      value: -0
      objectReference: {fileID: 0}
    - target: {fileID: 4045453662149290, guid: e0b7bd8557bdea24e8509f20f0c9b9c7, type: 3}
      propertyPath: m_LocalRotation.y
      value: -0
      objectReference: {fileID: 0}
    - target: {fileID: 4045453662149290, guid: e0b7bd8557bdea24e8509f20f0c9b9c7, type: 3}
      propertyPath: m_LocalRotation.z
      value: -0
      objectReference: {fileID: 0}
    - target: {fileID: 4045453662149290, guid: e0b7bd8557bdea24e8509f20f0c9b9c7, type: 3}
      propertyPath: m_LocalRotation.w
      value: 1
      objectReference: {fileID: 0}
    - target: {fileID: 4045453662149290, guid: e0b7bd8557bdea24e8509f20f0c9b9c7, type: 3}
      propertyPath: m_RootOrder
      value: 11
      objectReference: {fileID: 0}
    - target: {fileID: 212763978089780098, guid: e0b7bd8557bdea24e8509f20f0c9b9c7,
        type: 3}
      propertyPath: m_SortingLayerID
      value: -50117545
      objectReference: {fileID: 0}
    - target: {fileID: 212763978089780098, guid: e0b7bd8557bdea24e8509f20f0c9b9c7,
        type: 3}
      propertyPath: m_SortingLayer
      value: 2
      objectReference: {fileID: 0}
    m_RemovedComponents: []
  m_SourcePrefab: {fileID: 100100000, guid: e0b7bd8557bdea24e8509f20f0c9b9c7, type: 3}
--- !u!4 &694594788 stripped
Transform:
  m_CorrespondingSourceObject: {fileID: 4080153419466150, guid: aa72d1b92b2212c4f9ea0b6a8eb41a57,
    type: 3}
  m_PrefabInstance: {fileID: 606863192}
  m_PrefabAsset: {fileID: 0}
--- !u!1 &718733761
GameObject:
  m_ObjectHideFlags: 0
  m_CorrespondingSourceObject: {fileID: 0}
  m_PrefabInstance: {fileID: 0}
  m_PrefabAsset: {fileID: 0}
  serializedVersion: 6
  m_Component:
  - component: {fileID: 718733764}
  - component: {fileID: 718733763}
  - component: {fileID: 718733762}
  m_Layer: 9
  m_Name: bubbles
  m_TagString: Untagged
  m_Icon: {fileID: 0}
  m_NavMeshLayer: 0
  m_StaticEditorFlags: 0
  m_IsActive: 1
--- !u!95 &718733762
Animator:
  serializedVersion: 3
  m_ObjectHideFlags: 0
  m_CorrespondingSourceObject: {fileID: 0}
  m_PrefabInstance: {fileID: 0}
  m_PrefabAsset: {fileID: 0}
  m_GameObject: {fileID: 718733761}
  m_Enabled: 1
  m_Avatar: {fileID: 0}
  m_Controller: {fileID: 9100000, guid: 618fc9a7ba298984f917be19128958bf, type: 2}
  m_CullingMode: 0
  m_UpdateMode: 0
  m_ApplyRootMotion: 0
  m_LinearVelocityBlending: 0
  m_WarningMessage: 
  m_HasTransformHierarchy: 1
  m_AllowConstantClipSamplingOptimization: 1
  m_KeepAnimatorControllerStateOnDisable: 0
--- !u!212 &718733763
SpriteRenderer:
  m_ObjectHideFlags: 0
  m_CorrespondingSourceObject: {fileID: 0}
  m_PrefabInstance: {fileID: 0}
  m_PrefabAsset: {fileID: 0}
  m_GameObject: {fileID: 718733761}
  m_Enabled: 1
  m_CastShadows: 0
  m_ReceiveShadows: 0
  m_DynamicOccludee: 1
  m_MotionVectors: 1
  m_LightProbeUsage: 1
  m_ReflectionProbeUsage: 1
  m_RenderingLayerMask: 1
  m_RendererPriority: 0
  m_Materials:
  - {fileID: 10754, guid: 0000000000000000f000000000000000, type: 0}
  m_StaticBatchInfo:
    firstSubMesh: 0
    subMeshCount: 0
  m_StaticBatchRoot: {fileID: 0}
  m_ProbeAnchor: {fileID: 0}
  m_LightProbeVolumeOverride: {fileID: 0}
  m_ScaleInLightmap: 1
  m_ReceiveGI: 1
  m_PreserveUVs: 0
  m_IgnoreNormalsForChartDetection: 0
  m_ImportantGI: 0
  m_StitchLightmapSeams: 0
  m_SelectedEditorRenderState: 0
  m_MinimumChartSize: 4
  m_AutoUVMaxDistance: 0.5
  m_AutoUVMaxAngle: 89
  m_LightmapParameters: {fileID: 0}
  m_SortingLayerID: -50117545
  m_SortingLayer: 2
  m_SortingOrder: 0
  m_Sprite: {fileID: 21300000, guid: fb598188532fbf74d81be1ac3a0f6f05, type: 3}
  m_Color: {r: 1, g: 1, b: 1, a: 1}
  m_FlipX: 0
  m_FlipY: 0
  m_DrawMode: 0
  m_Size: {x: 0.67, y: 4.48}
  m_AdaptiveModeThreshold: 0.5
  m_SpriteTileMode: 0
  m_WasSpriteAssigned: 1
  m_MaskInteraction: 0
  m_SpriteSortPoint: 0
--- !u!4 &718733764
Transform:
  m_ObjectHideFlags: 0
  m_CorrespondingSourceObject: {fileID: 0}
  m_PrefabInstance: {fileID: 0}
  m_PrefabAsset: {fileID: 0}
  m_GameObject: {fileID: 718733761}
  m_LocalRotation: {x: -0, y: -0, z: -0, w: 1}
  m_LocalPosition: {x: 5.26, y: -0.07, z: 0}
  m_LocalScale: {x: 1, y: 1, z: 1}
  m_Children: []
  m_Father: {fileID: 513900497}
  m_RootOrder: 5
  m_LocalEulerAnglesHint: {x: 0, y: 0, z: 0}
--- !u!4 &905099610 stripped
Transform:
  m_CorrespondingSourceObject: {fileID: 4220239467356414, guid: cb4b9a2d164e84c45ad289a8d0c323aa,
    type: 3}
  m_PrefabInstance: {fileID: 1280133548}
  m_PrefabAsset: {fileID: 0}
--- !u!1 &996706459
GameObject:
  m_ObjectHideFlags: 0
  m_CorrespondingSourceObject: {fileID: 0}
  m_PrefabInstance: {fileID: 0}
  m_PrefabAsset: {fileID: 0}
  serializedVersion: 6
  m_Component:
  - component: {fileID: 996706460}
  - component: {fileID: 996706461}
  m_Layer: 0
  m_Name: toBeach
  m_TagString: Untagged
  m_Icon: {fileID: 0}
  m_NavMeshLayer: 0
  m_StaticEditorFlags: 0
  m_IsActive: 1
--- !u!4 &996706460
Transform:
  m_ObjectHideFlags: 0
  m_CorrespondingSourceObject: {fileID: 0}
  m_PrefabInstance: {fileID: 0}
  m_PrefabAsset: {fileID: 0}
  m_GameObject: {fileID: 996706459}
  m_LocalRotation: {x: 0, y: 0, z: 0, w: 1}
  m_LocalPosition: {x: -6.55, y: 4.13, z: 0}
  m_LocalScale: {x: 1, y: 1, z: 1}
  m_Children: []
  m_Father: {fileID: 513900497}
  m_RootOrder: 7
  m_LocalEulerAnglesHint: {x: 0, y: 0, z: 0}
--- !u!61 &996706461
BoxCollider2D:
  m_ObjectHideFlags: 0
  m_CorrespondingSourceObject: {fileID: 0}
  m_PrefabInstance: {fileID: 0}
  m_PrefabAsset: {fileID: 0}
  m_GameObject: {fileID: 996706459}
  m_Enabled: 1
  m_Density: 1
  m_Material: {fileID: 0}
  m_IsTrigger: 1
  m_UsedByEffector: 0
  m_UsedByComposite: 0
  m_Offset: {x: 6.557446, y: 0}
  m_SpriteTilingProperty:
    border: {x: 0, y: 0, z: 0, w: 0}
    pivot: {x: 0, y: 0}
    oldSize: {x: 0, y: 0}
    newSize: {x: 0, y: 0}
    adaptiveTilingThreshold: 0
    drawMode: 0
    adaptiveTiling: 0
  m_AutoTiling: 0
  serializedVersion: 2
  m_Size: {x: 14.719922, y: 1}
  m_EdgeRadius: 0
--- !u!4 &1056739138 stripped
Transform:
  m_CorrespondingSourceObject: {fileID: 4045453662149290, guid: e0b7bd8557bdea24e8509f20f0c9b9c7,
    type: 3}
  m_PrefabInstance: {fileID: 680463622}
  m_PrefabAsset: {fileID: 0}
--- !u!1 &1165156055
GameObject:
  m_ObjectHideFlags: 0
  m_CorrespondingSourceObject: {fileID: 0}
  m_PrefabInstance: {fileID: 0}
  m_PrefabAsset: {fileID: 0}
  serializedVersion: 6
  m_Component:
  - component: {fileID: 1165156057}
  - component: {fileID: 1165156056}
  m_Layer: 0
  m_Name: PlayMakerGUI
  m_TagString: Untagged
  m_Icon: {fileID: 0}
  m_NavMeshLayer: 0
  m_StaticEditorFlags: 0
  m_IsActive: 1
--- !u!114 &1165156056
MonoBehaviour:
  m_ObjectHideFlags: 0
  m_CorrespondingSourceObject: {fileID: 0}
  m_PrefabInstance: {fileID: 0}
  m_PrefabAsset: {fileID: 0}
  m_GameObject: {fileID: 1165156055}
  m_Enabled: 1
  m_EditorHideFlags: 0
  m_Script: {fileID: -73581967, guid: e743331561ef77147ae48cda9bcb8209, type: 3}
  m_Name: 
  m_EditorClassIdentifier: 
--- !u!4 &1165156057
Transform:
  m_ObjectHideFlags: 0
  m_CorrespondingSourceObject: {fileID: 0}
  m_PrefabInstance: {fileID: 0}
  m_PrefabAsset: {fileID: 0}
  m_GameObject: {fileID: 1165156055}
  m_LocalRotation: {x: 0, y: 0, z: 0, w: 1}
  m_LocalPosition: {x: 0, y: 0, z: 0}
  m_LocalScale: {x: 1, y: 1, z: 1}
  m_Children: []
  m_Father: {fileID: 0}
  m_RootOrder: 6
  m_LocalEulerAnglesHint: {x: 0, y: 0, z: 0}
--- !u!1001 &1235319963
PrefabInstance:
  m_ObjectHideFlags: 0
  serializedVersion: 2
  m_Modification:
    m_TransformParent: {fileID: 0}
    m_Modifications:
    - target: {fileID: 1609627527570836, guid: 708e12ae78003b24ebf2ae0c3dccfd99, type: 3}
      propertyPath: m_Layer
      value: 10
      objectReference: {fileID: 0}
    - target: {fileID: 4017417063544566, guid: 708e12ae78003b24ebf2ae0c3dccfd99, type: 3}
      propertyPath: m_LocalPosition.x
      value: 5.030951
      objectReference: {fileID: 0}
    - target: {fileID: 4017417063544566, guid: 708e12ae78003b24ebf2ae0c3dccfd99, type: 3}
      propertyPath: m_LocalPosition.y
      value: -3.4423015
      objectReference: {fileID: 0}
    - target: {fileID: 4017417063544566, guid: 708e12ae78003b24ebf2ae0c3dccfd99, type: 3}
      propertyPath: m_LocalPosition.z
      value: 0
      objectReference: {fileID: 0}
    - target: {fileID: 4017417063544566, guid: 708e12ae78003b24ebf2ae0c3dccfd99, type: 3}
      propertyPath: m_LocalRotation.x
      value: 0
      objectReference: {fileID: 0}
    - target: {fileID: 4017417063544566, guid: 708e12ae78003b24ebf2ae0c3dccfd99, type: 3}
      propertyPath: m_LocalRotation.y
      value: 0
      objectReference: {fileID: 0}
    - target: {fileID: 4017417063544566, guid: 708e12ae78003b24ebf2ae0c3dccfd99, type: 3}
      propertyPath: m_LocalRotation.z
      value: 0
      objectReference: {fileID: 0}
    - target: {fileID: 4017417063544566, guid: 708e12ae78003b24ebf2ae0c3dccfd99, type: 3}
      propertyPath: m_LocalRotation.w
      value: 1
      objectReference: {fileID: 0}
    - target: {fileID: 4017417063544566, guid: 708e12ae78003b24ebf2ae0c3dccfd99, type: 3}
      propertyPath: m_RootOrder
      value: 4
      objectReference: {fileID: 0}
    - target: {fileID: 4017417063544566, guid: 708e12ae78003b24ebf2ae0c3dccfd99, type: 3}
      propertyPath: m_LocalEulerAnglesHint.z
      value: 0
      objectReference: {fileID: 0}
    - target: {fileID: 212049285193059414, guid: 708e12ae78003b24ebf2ae0c3dccfd99,
        type: 3}
      propertyPath: m_SortingLayerID
      value: 660155003
      objectReference: {fileID: 0}
    - target: {fileID: 212049285193059414, guid: 708e12ae78003b24ebf2ae0c3dccfd99,
        type: 3}
      propertyPath: m_SortingLayer
      value: 3
      objectReference: {fileID: 0}
    m_RemovedComponents: []
  m_SourcePrefab: {fileID: 100100000, guid: 708e12ae78003b24ebf2ae0c3dccfd99, type: 3}
--- !u!1001 &1280133548
PrefabInstance:
  m_ObjectHideFlags: 0
  serializedVersion: 2
  m_Modification:
    m_TransformParent: {fileID: 513900497}
    m_Modifications:
    - target: {fileID: 1182821809975624, guid: cb4b9a2d164e84c45ad289a8d0c323aa, type: 3}
      propertyPath: m_Layer
      value: 9
      objectReference: {fileID: 0}
    - target: {fileID: 4220239467356414, guid: cb4b9a2d164e84c45ad289a8d0c323aa, type: 3}
      propertyPath: m_LocalPosition.x
      value: -6.29
      objectReference: {fileID: 0}
    - target: {fileID: 4220239467356414, guid: cb4b9a2d164e84c45ad289a8d0c323aa, type: 3}
      propertyPath: m_LocalPosition.y
      value: 3.78
      objectReference: {fileID: 0}
    - target: {fileID: 4220239467356414, guid: cb4b9a2d164e84c45ad289a8d0c323aa, type: 3}
      propertyPath: m_LocalPosition.z
      value: 0
      objectReference: {fileID: 0}
    - target: {fileID: 4220239467356414, guid: cb4b9a2d164e84c45ad289a8d0c323aa, type: 3}
      propertyPath: m_LocalRotation.x
      value: -0
      objectReference: {fileID: 0}
    - target: {fileID: 4220239467356414, guid: cb4b9a2d164e84c45ad289a8d0c323aa, type: 3}
      propertyPath: m_LocalRotation.y
      value: -0
      objectReference: {fileID: 0}
    - target: {fileID: 4220239467356414, guid: cb4b9a2d164e84c45ad289a8d0c323aa, type: 3}
      propertyPath: m_LocalRotation.z
      value: -0
      objectReference: {fileID: 0}
    - target: {fileID: 4220239467356414, guid: cb4b9a2d164e84c45ad289a8d0c323aa, type: 3}
      propertyPath: m_LocalRotation.w
      value: 1
      objectReference: {fileID: 0}
    - target: {fileID: 4220239467356414, guid: cb4b9a2d164e84c45ad289a8d0c323aa, type: 3}
      propertyPath: m_RootOrder
      value: 3
      objectReference: {fileID: 0}
    - target: {fileID: 114183037824891470, guid: cb4b9a2d164e84c45ad289a8d0c323aa,
        type: 3}
      propertyPath: fsm.states.Array.data[0].position.x
      value: 52
      objectReference: {fileID: 0}
    - target: {fileID: 114183037824891470, guid: cb4b9a2d164e84c45ad289a8d0c323aa,
        type: 3}
      propertyPath: fsm.states.Array.data[0].position.y
      value: 120
      objectReference: {fileID: 0}
    - target: {fileID: 114183037824891470, guid: cb4b9a2d164e84c45ad289a8d0c323aa,
        type: 3}
      propertyPath: fsm.states.Array.data[1].position.x
      value: 326
      objectReference: {fileID: 0}
    - target: {fileID: 114183037824891470, guid: cb4b9a2d164e84c45ad289a8d0c323aa,
        type: 3}
      propertyPath: fsm.states.Array.data[1].position.y
      value: 112
      objectReference: {fileID: 0}
    - target: {fileID: 114183037824891470, guid: cb4b9a2d164e84c45ad289a8d0c323aa,
        type: 3}
      propertyPath: fsm.states.Array.data[2].position.x
      value: 319
      objectReference: {fileID: 0}
    - target: {fileID: 114183037824891470, guid: cb4b9a2d164e84c45ad289a8d0c323aa,
        type: 3}
      propertyPath: fsm.states.Array.data[2].position.y
      value: 192
      objectReference: {fileID: 0}
    - target: {fileID: 114183037824891470, guid: cb4b9a2d164e84c45ad289a8d0c323aa,
        type: 3}
      propertyPath: fsm.handleFixedUpdate
      value: 0
      objectReference: {fileID: 0}
    - target: {fileID: 212956604145478764, guid: cb4b9a2d164e84c45ad289a8d0c323aa,
        type: 3}
      propertyPath: m_SortingLayerID
      value: -50117545
      objectReference: {fileID: 0}
    - target: {fileID: 212956604145478764, guid: cb4b9a2d164e84c45ad289a8d0c323aa,
        type: 3}
      propertyPath: m_SortingLayer
      value: 2
      objectReference: {fileID: 0}
    m_RemovedComponents: []
  m_SourcePrefab: {fileID: 100100000, guid: cb4b9a2d164e84c45ad289a8d0c323aa, type: 3}
--- !u!4 &1316143754 stripped
Transform:
  m_CorrespondingSourceObject: {fileID: 4845529329797994, guid: 9b1bcea03148480479d458b0773c7d80,
    type: 3}
  m_PrefabInstance: {fileID: 278215648}
  m_PrefabAsset: {fileID: 0}
--- !u!1001 &1320346055
PrefabInstance:
  m_ObjectHideFlags: 0
  serializedVersion: 2
  m_Modification:
    m_TransformParent: {fileID: 513900497}
    m_Modifications:
    - target: {fileID: 1511023777171074, guid: 16a5c79a799b08d4682c30f28269fed6, type: 3}
      propertyPath: m_Layer
      value: 9
      objectReference: {fileID: 0}
    - target: {fileID: 4206786520968492, guid: 16a5c79a799b08d4682c30f28269fed6, type: 3}
      propertyPath: m_LocalPosition.x
      value: 1.0348542
      objectReference: {fileID: 0}
    - target: {fileID: 4206786520968492, guid: 16a5c79a799b08d4682c30f28269fed6, type: 3}
      propertyPath: m_LocalPosition.y
      value: -1.7673764
      objectReference: {fileID: 0}
    - target: {fileID: 4206786520968492, guid: 16a5c79a799b08d4682c30f28269fed6, type: 3}
      propertyPath: m_LocalPosition.z
      value: 0
      objectReference: {fileID: 0}
    - target: {fileID: 4206786520968492, guid: 16a5c79a799b08d4682c30f28269fed6, type: 3}
      propertyPath: m_LocalRotation.x
      value: -0
      objectReference: {fileID: 0}
    - target: {fileID: 4206786520968492, guid: 16a5c79a799b08d4682c30f28269fed6, type: 3}
      propertyPath: m_LocalRotation.y
      value: -0
      objectReference: {fileID: 0}
    - target: {fileID: 4206786520968492, guid: 16a5c79a799b08d4682c30f28269fed6, type: 3}
      propertyPath: m_LocalRotation.z
      value: -0
      objectReference: {fileID: 0}
    - target: {fileID: 4206786520968492, guid: 16a5c79a799b08d4682c30f28269fed6, type: 3}
      propertyPath: m_LocalRotation.w
      value: 1
      objectReference: {fileID: 0}
    - target: {fileID: 4206786520968492, guid: 16a5c79a799b08d4682c30f28269fed6, type: 3}
      propertyPath: m_RootOrder
      value: 10
      objectReference: {fileID: 0}
    - target: {fileID: 212136001085845288, guid: 16a5c79a799b08d4682c30f28269fed6,
        type: 3}
      propertyPath: m_SortingLayerID
      value: -50117545
      objectReference: {fileID: 0}
    - target: {fileID: 212136001085845288, guid: 16a5c79a799b08d4682c30f28269fed6,
        type: 3}
      propertyPath: m_SortingLayer
      value: 2
      objectReference: {fileID: 0}
    m_RemovedComponents: []
  m_SourcePrefab: {fileID: 100100000, guid: 16a5c79a799b08d4682c30f28269fed6, type: 3}
--- !u!1 &1467769920
GameObject:
  m_ObjectHideFlags: 0
  m_CorrespondingSourceObject: {fileID: 0}
  m_PrefabInstance: {fileID: 0}
  m_PrefabAsset: {fileID: 0}
  serializedVersion: 6
  m_Component:
  - component: {fileID: 1467769921}
  - component: {fileID: 1467769923}
  - component: {fileID: 1467769922}
  m_Layer: 9
  m_Name: seaweed
  m_TagString: Untagged
  m_Icon: {fileID: 0}
  m_NavMeshLayer: 0
  m_StaticEditorFlags: 0
  m_IsActive: 1
--- !u!4 &1467769921
Transform:
  m_ObjectHideFlags: 0
  m_CorrespondingSourceObject: {fileID: 0}
  m_PrefabInstance: {fileID: 0}
  m_PrefabAsset: {fileID: 0}
  m_GameObject: {fileID: 1467769920}
  m_LocalRotation: {x: -0, y: -0, z: -0, w: 1}
  m_LocalPosition: {x: -0.41, y: -4.33, z: 0}
  m_LocalScale: {x: 1, y: 1, z: 1}
  m_Children: []
  m_Father: {fileID: 513900497}
  m_RootOrder: 0
  m_LocalEulerAnglesHint: {x: 0, y: 0, z: 0}
--- !u!95 &1467769922
Animator:
  serializedVersion: 3
  m_ObjectHideFlags: 0
  m_CorrespondingSourceObject: {fileID: 0}
  m_PrefabInstance: {fileID: 0}
  m_PrefabAsset: {fileID: 0}
  m_GameObject: {fileID: 1467769920}
  m_Enabled: 1
  m_Avatar: {fileID: 0}
  m_Controller: {fileID: 9100000, guid: 462ededb3e862d04f9a7d54c3170de40, type: 2}
  m_CullingMode: 0
  m_UpdateMode: 0
  m_ApplyRootMotion: 0
  m_LinearVelocityBlending: 0
  m_WarningMessage: 
  m_HasTransformHierarchy: 1
  m_AllowConstantClipSamplingOptimization: 1
  m_KeepAnimatorControllerStateOnDisable: 0
--- !u!212 &1467769923
SpriteRenderer:
  m_ObjectHideFlags: 0
  m_CorrespondingSourceObject: {fileID: 0}
  m_PrefabInstance: {fileID: 0}
  m_PrefabAsset: {fileID: 0}
  m_GameObject: {fileID: 1467769920}
  m_Enabled: 1
  m_CastShadows: 0
  m_ReceiveShadows: 0
  m_DynamicOccludee: 1
  m_MotionVectors: 1
  m_LightProbeUsage: 1
  m_ReflectionProbeUsage: 1
  m_RenderingLayerMask: 1
  m_RendererPriority: 0
  m_Materials:
  - {fileID: 10754, guid: 0000000000000000f000000000000000, type: 0}
  m_StaticBatchInfo:
    firstSubMesh: 0
    subMeshCount: 0
  m_StaticBatchRoot: {fileID: 0}
  m_ProbeAnchor: {fileID: 0}
  m_LightProbeVolumeOverride: {fileID: 0}
  m_ScaleInLightmap: 1
  m_ReceiveGI: 1
  m_PreserveUVs: 0
  m_IgnoreNormalsForChartDetection: 0
  m_ImportantGI: 0
  m_StitchLightmapSeams: 0
  m_SelectedEditorRenderState: 0
  m_MinimumChartSize: 4
  m_AutoUVMaxDistance: 0.5
  m_AutoUVMaxAngle: 89
  m_LightmapParameters: {fileID: 0}
  m_SortingLayerID: -50117545
  m_SortingLayer: 2
  m_SortingOrder: 0
  m_Sprite: {fileID: 21300000, guid: 46444e33b4030fe4ebfe02ad16381cb9, type: 3}
  m_Color: {r: 1, g: 1, b: 1, a: 1}
  m_FlipX: 0
  m_FlipY: 0
  m_DrawMode: 0
  m_Size: {x: 1.54, y: 1.93}
  m_AdaptiveModeThreshold: 0.5
  m_SpriteTileMode: 0
  m_WasSpriteAssigned: 1
  m_MaskInteraction: 0
  m_SpriteSortPoint: 0
--- !u!1 &1709156774
GameObject:
  m_ObjectHideFlags: 0
  m_CorrespondingSourceObject: {fileID: 0}
  m_PrefabInstance: {fileID: 0}
  m_PrefabAsset: {fileID: 0}
  serializedVersion: 6
  m_Component:
  - component: {fileID: 1709156775}
  - component: {fileID: 1709156777}
  - component: {fileID: 1709156776}
  m_Layer: 9
  m_Name: seaweed (2)
  m_TagString: Untagged
  m_Icon: {fileID: 0}
  m_NavMeshLayer: 0
  m_StaticEditorFlags: 0
  m_IsActive: 1
--- !u!4 &1709156775
Transform:
  m_ObjectHideFlags: 0
  m_CorrespondingSourceObject: {fileID: 0}
  m_PrefabInstance: {fileID: 0}
  m_PrefabAsset: {fileID: 0}
  m_GameObject: {fileID: 1709156774}
  m_LocalRotation: {x: 0, y: 0.2840153, z: 0, w: 0.95881975}
  m_LocalPosition: {x: -1.39, y: -4.43, z: 0}
  m_LocalScale: {x: 1, y: 1, z: 1}
  m_Children: []
  m_Father: {fileID: 513900497}
  m_RootOrder: 2
  m_LocalEulerAnglesHint: {x: 0, y: 33, z: 0}
--- !u!95 &1709156776
Animator:
  serializedVersion: 3
  m_ObjectHideFlags: 0
  m_CorrespondingSourceObject: {fileID: 0}
  m_PrefabInstance: {fileID: 0}
  m_PrefabAsset: {fileID: 0}
  m_GameObject: {fileID: 1709156774}
  m_Enabled: 1
  m_Avatar: {fileID: 0}
  m_Controller: {fileID: 9100000, guid: 462ededb3e862d04f9a7d54c3170de40, type: 2}
  m_CullingMode: 0
  m_UpdateMode: 0
  m_ApplyRootMotion: 0
  m_LinearVelocityBlending: 0
  m_WarningMessage: 
  m_HasTransformHierarchy: 1
  m_AllowConstantClipSamplingOptimization: 1
  m_KeepAnimatorControllerStateOnDisable: 0
--- !u!212 &1709156777
SpriteRenderer:
  m_ObjectHideFlags: 0
  m_CorrespondingSourceObject: {fileID: 0}
  m_PrefabInstance: {fileID: 0}
  m_PrefabAsset: {fileID: 0}
  m_GameObject: {fileID: 1709156774}
  m_Enabled: 1
  m_CastShadows: 0
  m_ReceiveShadows: 0
  m_DynamicOccludee: 1
  m_MotionVectors: 1
  m_LightProbeUsage: 1
  m_ReflectionProbeUsage: 1
  m_RenderingLayerMask: 1
  m_RendererPriority: 0
  m_Materials:
  - {fileID: 10754, guid: 0000000000000000f000000000000000, type: 0}
  m_StaticBatchInfo:
    firstSubMesh: 0
    subMeshCount: 0
  m_StaticBatchRoot: {fileID: 0}
  m_ProbeAnchor: {fileID: 0}
  m_LightProbeVolumeOverride: {fileID: 0}
  m_ScaleInLightmap: 1
  m_ReceiveGI: 1
  m_PreserveUVs: 0
  m_IgnoreNormalsForChartDetection: 0
  m_ImportantGI: 0
  m_StitchLightmapSeams: 0
  m_SelectedEditorRenderState: 0
  m_MinimumChartSize: 4
  m_AutoUVMaxDistance: 0.5
  m_AutoUVMaxAngle: 89
  m_LightmapParameters: {fileID: 0}
  m_SortingLayerID: -50117545
  m_SortingLayer: 2
  m_SortingOrder: 0
  m_Sprite: {fileID: 21300000, guid: 46444e33b4030fe4ebfe02ad16381cb9, type: 3}
  m_Color: {r: 1, g: 1, b: 1, a: 1}
  m_FlipX: 0
  m_FlipY: 0
  m_DrawMode: 0
  m_Size: {x: 1.54, y: 1.93}
  m_AdaptiveModeThreshold: 0.5
  m_SpriteTileMode: 0
  m_WasSpriteAssigned: 1
  m_MaskInteraction: 0
  m_SpriteSortPoint: 0
--- !u!1001 &1769556570
PrefabInstance:
  m_ObjectHideFlags: 0
  serializedVersion: 2
  m_Modification:
    m_TransformParent: {fileID: 0}
    m_Modifications:
    - target: {fileID: 1609627527570836, guid: 708e12ae78003b24ebf2ae0c3dccfd99, type: 3}
      propertyPath: m_Name
      value: arrows (2)
      objectReference: {fileID: 0}
    - target: {fileID: 1609627527570836, guid: 708e12ae78003b24ebf2ae0c3dccfd99, type: 3}
      propertyPath: m_Layer
      value: 10
      objectReference: {fileID: 0}
    - target: {fileID: 4017417063544566, guid: 708e12ae78003b24ebf2ae0c3dccfd99, type: 3}
      propertyPath: m_LocalPosition.x
      value: -5.4175367
      objectReference: {fileID: 0}
    - target: {fileID: 4017417063544566, guid: 708e12ae78003b24ebf2ae0c3dccfd99, type: 3}
      propertyPath: m_LocalPosition.y
      value: -3.8292825
      objectReference: {fileID: 0}
    - target: {fileID: 4017417063544566, guid: 708e12ae78003b24ebf2ae0c3dccfd99, type: 3}
      propertyPath: m_LocalPosition.z
      value: 0
      objectReference: {fileID: 0}
    - target: {fileID: 4017417063544566, guid: 708e12ae78003b24ebf2ae0c3dccfd99, type: 3}
      propertyPath: m_LocalRotation.x
      value: 0
      objectReference: {fileID: 0}
    - target: {fileID: 4017417063544566, guid: 708e12ae78003b24ebf2ae0c3dccfd99, type: 3}
      propertyPath: m_LocalRotation.y
      value: 0
      objectReference: {fileID: 0}
    - target: {fileID: 4017417063544566, guid: 708e12ae78003b24ebf2ae0c3dccfd99, type: 3}
      propertyPath: m_LocalRotation.z
      value: 0.7071068
      objectReference: {fileID: 0}
    - target: {fileID: 4017417063544566, guid: 708e12ae78003b24ebf2ae0c3dccfd99, type: 3}
      propertyPath: m_LocalRotation.w
      value: 0.7071068
      objectReference: {fileID: 0}
    - target: {fileID: 4017417063544566, guid: 708e12ae78003b24ebf2ae0c3dccfd99, type: 3}
      propertyPath: m_RootOrder
      value: 3
      objectReference: {fileID: 0}
    - target: {fileID: 212049285193059414, guid: 708e12ae78003b24ebf2ae0c3dccfd99,
        type: 3}
      propertyPath: m_SortingLayerID
      value: 660155003
      objectReference: {fileID: 0}
    - target: {fileID: 212049285193059414, guid: 708e12ae78003b24ebf2ae0c3dccfd99,
        type: 3}
      propertyPath: m_SortingLayer
      value: 3
      objectReference: {fileID: 0}
    m_RemovedComponents: []
  m_SourcePrefab: {fileID: 100100000, guid: 708e12ae78003b24ebf2ae0c3dccfd99, type: 3}
--- !u!4 &1850426078 stripped
Transform:
  m_CorrespondingSourceObject: {fileID: 4206786520968492, guid: 16a5c79a799b08d4682c30f28269fed6,
    type: 3}
  m_PrefabInstance: {fileID: 1320346055}
  m_PrefabAsset: {fileID: 0}
--- !u!1 &1971505207
GameObject:
  m_ObjectHideFlags: 0
  m_CorrespondingSourceObject: {fileID: 0}
  m_PrefabInstance: {fileID: 0}
  m_PrefabAsset: {fileID: 0}
  serializedVersion: 6
  m_Component:
  - component: {fileID: 1971505208}
  - component: {fileID: 1971505210}
  - component: {fileID: 1971505209}
  m_Layer: 9
  m_Name: seaweed (1)
  m_TagString: Untagged
  m_Icon: {fileID: 0}
  m_NavMeshLayer: 0
  m_StaticEditorFlags: 0
  m_IsActive: 1
--- !u!4 &1971505208
Transform:
  m_ObjectHideFlags: 0
  m_CorrespondingSourceObject: {fileID: 0}
  m_PrefabInstance: {fileID: 0}
  m_PrefabAsset: {fileID: 0}
  m_GameObject: {fileID: 1971505207}
  m_LocalRotation: {x: 0, y: 1, z: 0, w: 0}
  m_LocalPosition: {x: -0.95, y: -4.44, z: 0}
  m_LocalScale: {x: 1, y: 1, z: 1}
  m_Children: []
  m_Father: {fileID: 513900497}
  m_RootOrder: 1
  m_LocalEulerAnglesHint: {x: 0, y: 180, z: 0}
--- !u!95 &1971505209
Animator:
  serializedVersion: 3
  m_ObjectHideFlags: 0
  m_CorrespondingSourceObject: {fileID: 0}
  m_PrefabInstance: {fileID: 0}
  m_PrefabAsset: {fileID: 0}
  m_GameObject: {fileID: 1971505207}
  m_Enabled: 1
  m_Avatar: {fileID: 0}
  m_Controller: {fileID: 9100000, guid: 462ededb3e862d04f9a7d54c3170de40, type: 2}
  m_CullingMode: 0
  m_UpdateMode: 0
  m_ApplyRootMotion: 0
  m_LinearVelocityBlending: 0
  m_WarningMessage: 
  m_HasTransformHierarchy: 1
  m_AllowConstantClipSamplingOptimization: 1
  m_KeepAnimatorControllerStateOnDisable: 0
--- !u!212 &1971505210
SpriteRenderer:
  m_ObjectHideFlags: 0
  m_CorrespondingSourceObject: {fileID: 0}
  m_PrefabInstance: {fileID: 0}
  m_PrefabAsset: {fileID: 0}
  m_GameObject: {fileID: 1971505207}
  m_Enabled: 1
  m_CastShadows: 0
  m_ReceiveShadows: 0
  m_DynamicOccludee: 1
  m_MotionVectors: 1
  m_LightProbeUsage: 1
  m_ReflectionProbeUsage: 1
  m_RenderingLayerMask: 1
  m_RendererPriority: 0
  m_Materials:
  - {fileID: 10754, guid: 0000000000000000f000000000000000, type: 0}
  m_StaticBatchInfo:
    firstSubMesh: 0
    subMeshCount: 0
  m_StaticBatchRoot: {fileID: 0}
  m_ProbeAnchor: {fileID: 0}
  m_LightProbeVolumeOverride: {fileID: 0}
  m_ScaleInLightmap: 1
  m_ReceiveGI: 1
  m_PreserveUVs: 0
  m_IgnoreNormalsForChartDetection: 0
  m_ImportantGI: 0
  m_StitchLightmapSeams: 0
  m_SelectedEditorRenderState: 0
  m_MinimumChartSize: 4
  m_AutoUVMaxDistance: 0.5
  m_AutoUVMaxAngle: 89
  m_LightmapParameters: {fileID: 0}
  m_SortingLayerID: -50117545
  m_SortingLayer: 2
  m_SortingOrder: 0
  m_Sprite: {fileID: 21300000, guid: 46444e33b4030fe4ebfe02ad16381cb9, type: 3}
  m_Color: {r: 1, g: 1, b: 1, a: 1}
  m_FlipX: 0
  m_FlipY: 0
  m_DrawMode: 0
  m_Size: {x: 1.54, y: 1.93}
  m_AdaptiveModeThreshold: 0.5
  m_SpriteTileMode: 0
  m_WasSpriteAssigned: 1
  m_MaskInteraction: 0
  m_SpriteSortPoint: 0
--- !u!1001 &2004614986
PrefabInstance:
  m_ObjectHideFlags: 0
  serializedVersion: 2
  m_Modification:
    m_TransformParent: {fileID: 0}
    m_Modifications:
    - target: {fileID: 1609627527570836, guid: 708e12ae78003b24ebf2ae0c3dccfd99, type: 3}
      propertyPath: m_Name
      value: arrows (1)
      objectReference: {fileID: 0}
    - target: {fileID: 1609627527570836, guid: 708e12ae78003b24ebf2ae0c3dccfd99, type: 3}
      propertyPath: m_Layer
      value: 10
      objectReference: {fileID: 0}
    - target: {fileID: 4017417063544566, guid: 708e12ae78003b24ebf2ae0c3dccfd99, type: 3}
      propertyPath: m_LocalPosition.x
      value: 0.10203472
      objectReference: {fileID: 0}
    - target: {fileID: 4017417063544566, guid: 708e12ae78003b24ebf2ae0c3dccfd99, type: 3}
      propertyPath: m_LocalPosition.y
      value: 3.0752738
      objectReference: {fileID: 0}
    - target: {fileID: 4017417063544566, guid: 708e12ae78003b24ebf2ae0c3dccfd99, type: 3}
      propertyPath: m_LocalPosition.z
      value: 0
      objectReference: {fileID: 0}
    - target: {fileID: 4017417063544566, guid: 708e12ae78003b24ebf2ae0c3dccfd99, type: 3}
      propertyPath: m_LocalRotation.x
      value: 0
      objectReference: {fileID: 0}
    - target: {fileID: 4017417063544566, guid: 708e12ae78003b24ebf2ae0c3dccfd99, type: 3}
      propertyPath: m_LocalRotation.y
      value: 0
      objectReference: {fileID: 0}
    - target: {fileID: 4017417063544566, guid: 708e12ae78003b24ebf2ae0c3dccfd99, type: 3}
      propertyPath: m_LocalRotation.z
      value: 0
      objectReference: {fileID: 0}
    - target: {fileID: 4017417063544566, guid: 708e12ae78003b24ebf2ae0c3dccfd99, type: 3}
      propertyPath: m_LocalRotation.w
      value: 1
      objectReference: {fileID: 0}
    - target: {fileID: 4017417063544566, guid: 708e12ae78003b24ebf2ae0c3dccfd99, type: 3}
      propertyPath: m_RootOrder
      value: 2
      objectReference: {fileID: 0}
    - target: {fileID: 4017417063544566, guid: 708e12ae78003b24ebf2ae0c3dccfd99, type: 3}
      propertyPath: m_LocalEulerAnglesHint.z
      value: 0
      objectReference: {fileID: 0}
    - target: {fileID: 212049285193059414, guid: 708e12ae78003b24ebf2ae0c3dccfd99,
        type: 3}
      propertyPath: m_SortingLayerID
      value: 660155003
      objectReference: {fileID: 0}
    - target: {fileID: 212049285193059414, guid: 708e12ae78003b24ebf2ae0c3dccfd99,
        type: 3}
      propertyPath: m_SortingLayer
      value: 3
      objectReference: {fileID: 0}
    m_RemovedComponents: []
  m_SourcePrefab: {fileID: 100100000, guid: 708e12ae78003b24ebf2ae0c3dccfd99, type: 3}
--- !u!1 &2004952045
GameObject:
  m_ObjectHideFlags: 0
  m_CorrespondingSourceObject: {fileID: 0}
  m_PrefabInstance: {fileID: 0}
  m_PrefabAsset: {fileID: 0}
  serializedVersion: 6
  m_Component:
  - component: {fileID: 2004952046}
  - component: {fileID: 2004952047}
  m_Layer: 0
  m_Name: toCavern
  m_TagString: Untagged
  m_Icon: {fileID: 0}
  m_NavMeshLayer: 0
  m_StaticEditorFlags: 0
  m_IsActive: 1
--- !u!4 &2004952046
Transform:
  m_ObjectHideFlags: 0
  m_CorrespondingSourceObject: {fileID: 0}
  m_PrefabInstance: {fileID: 0}
  m_PrefabAsset: {fileID: 0}
  m_GameObject: {fileID: 2004952045}
  m_LocalRotation: {x: 0, y: 0, z: 0, w: 1}
  m_LocalPosition: {x: 5.48, y: -2.69, z: 0}
  m_LocalScale: {x: 1, y: 1, z: 1}
  m_Children: []
  m_Father: {fileID: 513900497}
  m_RootOrder: 6
  m_LocalEulerAnglesHint: {x: 0, y: 0, z: 0}
--- !u!61 &2004952047
BoxCollider2D:
  m_ObjectHideFlags: 0
  m_CorrespondingSourceObject: {fileID: 0}
  m_PrefabInstance: {fileID: 0}
  m_PrefabAsset: {fileID: 0}
  m_GameObject: {fileID: 2004952045}
  m_Enabled: 1
  m_Density: 1
  m_Material: {fileID: 0}
  m_IsTrigger: 1
  m_UsedByEffector: 0
  m_UsedByComposite: 0
  m_Offset: {x: -0.02669239, y: 0}
  m_SpriteTilingProperty:
    border: {x: 0, y: 0, z: 0, w: 0}
    pivot: {x: 0, y: 0}
    oldSize: {x: 0, y: 0}
    newSize: {x: 0, y: 0}
    adaptiveTilingThreshold: 0
    drawMode: 0
    adaptiveTiling: 0
  m_AutoTiling: 0
  serializedVersion: 2
  m_Size: {x: 1.694004, y: 1}
  m_EdgeRadius: 0
